<?xml version="1.0" encoding="UTF-8"?><record xmlns="http://www.loc.gov/MARC21/slim" xmlns:cinclude="http://apache.org/cocoon/include/1.0" xmlns:zs="http://www.loc.gov/zing/srw/">
  <leader>00379cz  a2200133n  4500</leader>
  <controlfield tag="001">n  95066605 </controlfield>
  <controlfield tag="003">DLC</controlfield>
  <controlfield tag="005">20050726113856.0</controlfield>
  <controlfield tag="008">950707n| acannaab           |a aaa      </controlfield>
  <datafield tag="010" ind1=" " ind2=" ">
    <subfield code="a">n  95066605 </subfield>
  </datafield>
  <datafield tag="040" ind1=" " ind2=" ">
    <subfield code="a">DLC</subfield>
    <subfield code="c">DLC</subfield>
    <subfield code="d">DLC</subfield>
  </datafield>
  <datafield tag="100" ind1="1" ind2=" ">
    <subfield code="a">Feldmann, Christian.</subfield>
    <subfield code="t">Gottes sanfte Rebellen.</subfield>
    <subfield code="l">English</subfield>
  </datafield>
  <datafield tag="400" ind1="1" ind2=" ">
    <subfield code="a">Feldmann, Christian.</subfield>
    <subfield code="t">God's gentle rebels</subfield>
  </datafield>
  <datafield tag="670" ind1=" " ind2=" ">
    <subfield code="a">God's gentlerebels, 1995.</subfield>
  </datafield>
</record>